@manual{lab_manual,
  title = "Mossbauer Spectroscopy of Fe-57",
  author = "David McCowan",
	organization	= "The University of Chicago Advanced Undergraduate Laboratory",
  month = "May",
	year = "2016"
}

@online{stainless_chemical_makeup,
  author = {AZO Materials},
  title = {Stainless {S}teel - {G}rade 302 ({UNS} {S}30200)},
  year = 2013,
  url = {http://www.azom.com/article.aspx?ArticleID=8197#2},
  urldate = {2013-02-25}
}

@online{mu_1,
  author = {Princeton University},
  title = {The Mossbauer Effect},
  year = 2011,
  url = {http://phy-page-g5.princeton.edu/~page/phy312/moss/moss_s11.pdf},
  urldate = {2011}
}
